<?xml version="1.0" encoding="UTF-8" standalone="yes"?><bib><mms_id>9930026243804341</mms_id><record_format>marc21</record_format><linked_record_id/><title>The affecting narrative and surprising adventures of Mary Stuart, Queen of Scotland.</title><author>Mary,</author><network_numbers><network_number>(StEdNL)3002624-nlsdb-Voyager</network_number><network_number>3002624</network_number><network_number>34770</network_number><network_number>CAT1-0979639</network_number></network_numbers><place_of_publication>Edinburgh :</place_of_publication><date_of_publication>[18--]</date_of_publication><publisher_const>Oliver &amp; Boyd,</publisher_const><holdings link="https://api-eu.hosted.exlibrisgroup.com/almaws/v1/bibs/9930026243804341/holdings"/><created_by>import</created_by><created_date>2018-10-10Z</created_date><last_modified_by>System</last_modified_by><last_modified_date>2024-05-20Z</last_modified_date><suppress_from_publishing>false</suppress_from_publishing><suppress_from_external_search>false</suppress_from_external_search><suppress_from_metadoor>false</suppress_from_metadoor><rank>45</rank><sync_with_oclc>NONE</sync_with_oclc><sync_with_libraries_australia>NONE</sync_with_libraries_australia><originating_system>OTHER</originating_system><originating_system_id>3002624-nlsdb</originating_system_id><brief_level desc="01">01</brief_level><record><leader>00632cam a22002055  4500</leader><controlfield tag="001">9930026243804341</controlfield><controlfield tag="005">20200113091243.0</controlfield><controlfield tag="008">000120q18001899stk           000   eng d</controlfield><datafield ind1=" " ind2=" " tag="035"><subfield code="a">CAT1-0979639</subfield></datafield><datafield ind1=" " ind2=" " tag="035"><subfield code="a">34770</subfield></datafield><datafield ind1=" " ind2=" " tag="035"><subfield code="a">3002624</subfield></datafield><datafield ind1=" " ind2=" " tag="035"><subfield code="a">(StEdNL)3002624-nlsdb-Voyager</subfield></datafield><datafield ind1=" " ind2=" " tag="040"><subfield code="a">StEdNL</subfield></datafield><datafield ind1="0" ind2=" " tag="100"><subfield code="a">Mary,</subfield><subfield code="c">Queen of Scots,</subfield><subfield code="d">1542-1587.</subfield></datafield><datafield ind1="1" ind2="4" tag="245"><subfield code="a">The affecting narrative and surprising adventures of Mary Stuart, Queen of Scotland.</subfield></datafield><datafield ind1=" " ind2=" " tag="260"><subfield code="a">Edinburgh :</subfield><subfield code="b">Oliver &amp; Boyd,</subfield><subfield code="c">[18--]</subfield></datafield><datafield ind1=" " ind2=" " tag="300"><subfield code="a">36 p. ;</subfield><subfield code="c">8vo.</subfield></datafield><datafield ind1=" " ind2=" " tag="919"><subfield code="a">NBS</subfield></datafield><datafield ind1=" " ind2=" " tag="991"><subfield code="g">C1SAZ</subfield></datafield><datafield ind1=" " ind2=" " tag="995"><subfield code="a">SCO</subfield><subfield code="b">THIS IS A TEMPORARY CATALOGUE 1 RETROCONVERTED RECORD</subfield></datafield></record></bib>